@proceedings{NieFanHic01, 
Booktitle = {{M}onte {C}arlo and Quasi-{M}onte {C}arlo Methods 2000}, 
Editor = {K. T. Fang and F. J. \HickernellFJ and H. Niederreiter}, 
Mr = {2003i:65006}, 
Publisher = {Springer-Verlag, Berlin}, 
Pubtype = ed, 
Title = {{M}onte {C}arlo and Quasi-{M}onte {C}arlo Methods 2000}, 
Year = 2002, 
Zm = {0980.00040}
}

@incollection{DEVROYE200683,
title = "Nonuniform Random Variate Generation",
editor = "Shane G. Henderson and Barry L. Nelson",
series = "Handbooks in Operations Research and Management Science",
publisher = "Elsevier",
volume = "13",
pages = "83 - 121",
year = "2006",
booktitle = "Handbooks in Operations Research and Management Science",
issn = "0927-0507",
doi = "https://doi.org/10.1016/S0927-0507(06)13004-2",
url = "http://www.sciencedirect.com/science/article/pii/S0927050706130042",
author = "L. Devroye",
abstract = "This chapter provides a survey of the main methods in nonuniform random variate generation, and highlights recent research on the subject. Classical paradigms such as inversion, rejection, guide tables, and transformations are reviewed. We provide information on the expected time complexity of various algorithms, before addressing modern topics such as indirectly specified distributions, random processes, and Markov chain methods."
}

@article{meyer1995coordinate,
  title={The coordinate-exchange algorithm for constructing exact optimal experimental designs},
  author={Meyer, R. K. and Nachtsheim, C. J.},
  journal={Technometrics},
  volume={37},
  number={1},
  pages={60--69},
  year={1995},
  publisher={Taylor \& Francis Group}
}

@article{sambo2014coordinate,
  title={A coordinate-exchange two-phase local search algorithm for the D-and I-optimal designs of split-plot experiments},
  author={Sambo, F. and Borrotti, M. and Mylona, K.},
  journal={Comput. Statist. Data Anal.},
  volume={71},
  pages={1193--1207},
  year={2014},
  publisher={Elsevier}
}

@article{overstall2017bayesian,
  title={Bayesian design of experiments using approximate coordinate exchange},
  author={Overstall, A. M. and Woods, D. C.},
  journal={Technometrics},
  volume={59},
  number={4},
  pages={458--470},
  year={2017},
  publisher={Taylor \& Francis}
}


@article{kang2018stochastic,
author = {Kang, L.},
title = {Stochastic coordinate-exchange optimal designs with complex constraints},
journal = {Quality Engineering},
year  = {2018},
publisher = {Taylor \& Francis},
doi = {10.1080/08982112.2018.1508695},
note = {to appear},
URL = { 
        https://doi.org/10.1080/08982112.2018.1508695
},
eprint = { 
        https://doi.org/10.1080/08982112.2018.1508695
    
}

}

@book{sall2012jmp,
  title={{JMP} start statistics: a guide to statistics and data analysis using {JMP}},
  author={Sall, J. and Lehman, A. and Stephens, M. L. and Creighton, L.},
  year={2017},
  edition = {6},
  publisher={{SAS} Institute}
}
